<collection xmlns="http://www.loc.gov/MARC21/slim">
<record>
  <leader>01004nam0a22002171i 450 </leader>
  <controlfield tag="001">IT\ICCU\CNCE\071488</controlfield>
  <controlfield tag="005">20080814000000.0</controlfield>
  <datafield tag="012" ind1=" " ind2=" ">
    <subfield code="a">**43 64** 2393 6582 (S) 1570 (R)</subfield>
    <subfield code="2">fei</subfield>
  </datafield>
  <datafield tag="100" ind1=" " ind2=" ">
    <subfield code="a">20070731d1570        0itac0103    ba</subfield>
  </datafield>
  <datafield tag="101" ind1=" " ind2=" ">
    <subfield code="a">LAT</subfield>
  </datafield>
  <datafield tag="102" ind1=" " ind2=" ">
    <subfield code="a">IT</subfield>
  </datafield>
  <datafield tag="200" ind1="1" ind2=" ">
    <subfield code="a">Nomina antiqua et recentia urbium Graeciae descriptionis a N. Sophiano iam aeditae. Hanc quoque paginam quae Graeciae verbium, ac locorum nomina, quibus olim apud antiquos nuncupabantur, &amp; quibus nunc appellantur, diligenti cura perquisita, continet, studiosis obnoxij, imprimi curauimus ...</subfield>
  </datafield>
  <datafield tag="210" ind1=" " ind2=" ">
    <subfield code="a">Romae</subfield>
    <subfield code="c">typis Antonij Lafreri</subfield>
    <subfield code="d">1570</subfield>
  </datafield>
  <datafield tag="215" ind1=" " ind2=" ">
    <subfield code="a">1 foglio</subfield>
    <subfield code="d">atl</subfield>
  </datafield>
  <datafield tag="620" ind1=" " ind2=" ">
    <subfield code="a">IT</subfield>
    <subfield code="d">Roma</subfield>
  </datafield>
  <datafield tag="700" ind1=" " ind2="1">
    <subfield code="a">Sophianos,</subfield>
    <subfield code="b">Nikolaos</subfield>
    <subfield code="3">IT\ICCU\CNCA\028597</subfield>
  </datafield>
  <datafield tag="712" ind1="0" ind2="0">
    <subfield code="a">Lafrřy, Antoine</subfield>
    <subfield code="3">IT\ICCU\CNCT\001903</subfield>
    <subfield code="4">650</subfield>
  </datafield>
  <datafield tag="791" ind1="0" ind2="0">
    <subfield code="a">Lafreri, Antonio</subfield>
    <subfield code="3">IT\ICCU\CNCT\004889</subfield>
    <subfield code="z">Lafrřy, Antoine</subfield>
  </datafield>
  <datafield tag="791" ind1="0" ind2="0">
    <subfield code="a">Lafrerius, Antonius</subfield>
    <subfield code="3">IT\ICCU\CNCT\004891</subfield>
    <subfield code="z">Lafrřy, Antoine</subfield>
  </datafield>
  <datafield tag="801" ind1=" " ind2="3">
    <subfield code="a">IT</subfield>
    <subfield code="b">ICCU</subfield>
    <subfield code="c">20201115</subfield>
  </datafield>
  <datafield tag="899" ind1=" " ind2=" ">
    <subfield code="a">Biblioteca Angelica. Roma</subfield>
    <subfield code="1">RM0290</subfield>
    <subfield code="2">RML 06</subfield>
  </datafield>
</record>
</collection>
